<?xml version="1.0" encoding="UTF-8"?>
<collection xmlns:xsi="http://www.w3.org/2001/XMLSchema-instance" xsi:schemaLocation="http://www.loc.gov/MARC21/slim http://www.loc.gov/standards/marcxml/schema/MARC21slim.xsd" xmlns="http://www.loc.gov/MARC21/slim">
<record>
  <leader>01059cam a2200289ua 4500</leader>
  <controlfield tag="001">618004</controlfield>
  <controlfield tag="003">NNC</controlfield>
  <controlfield tag="005">20100307205732.0</controlfield>
  <controlfield tag="008">871217s1966    iq h     b    00010 arard</controlfield>
  <datafield tag="035" ind1=" " ind2=" ">
    <subfield code="a">(OCoLC)82483631</subfield>
  </datafield>
  <datafield tag="035" ind1=" " ind2=" ">
    <subfield code="a">(OCoLC)ocm82483631</subfield>
  </datafield>
  <datafield tag="035" ind1=" " ind2=" ">
    <subfield code="a">(CStRLIN)NYCG87-B97929</subfield>
  </datafield>
  <datafield tag="035" ind1=" " ind2=" ">
    <subfield code="9">ACS3554CU</subfield>
  </datafield>
  <datafield tag="035" ind1=" " ind2=" ">
    <subfield code="a">(NNC)618004</subfield>
  </datafield>
  <datafield tag="040" ind1=" " ind2=" ">
    <subfield code="a">NjP</subfield>
    <subfield code="c">NjP</subfield>
  </datafield>
  <datafield tag="090" ind1=" " ind2=" ">
    <subfield code="a">\2271\.3556\.368</subfield>
  </datafield>
  <datafield tag="100" ind1="1" ind2="0">
    <subfield code="a">Ḥillī, Yaḥyá ibn al-Ḥasan ibn Saʻīd,</subfield>
    <subfield code="d">1204-1290 or 91.</subfield>
  </datafield>
  <datafield tag="245" ind1="1" ind2="0">
    <subfield code="a">Nuzhat al-nāẓir fī al-jamʻ bayna al-ashbāh wa-al-naẓāʾir /</subfield>
    <subfield code="c">taʾlīf Yaḥyá ibn Saʻīd al-Ḥillī ; taḥqīq Aḥmad al-Ḥusaynī, Nūr al-Dīn al-Wāʻiẓī.</subfield>
  </datafield>
  <datafield tag="250" ind1=" " ind2=" ">
    <subfield code="a">al-Ṭabʻah al-muḥaqqaqah 1.</subfield>
  </datafield>
  <datafield tag="260" ind1="0" ind2=" ">
    <subfield code="a">al-Najaf :</subfield>
    <subfield code="b">Maṭabaʻat al-Ādāb,</subfield>
    <subfield code="c">1386 [1966]</subfield>
  </datafield>
  <datafield tag="300" ind1=" " ind2=" ">
    <subfield code="a">167, [1], 12 p. :</subfield>
    <subfield code="b">4 facsims. ;</subfield>
    <subfield code="c">25 cm.</subfield>
  </datafield>
  <datafield tag="440" ind1=" " ind2="3">
    <subfield code="a">al-Maktabah al-fiqhīyah ;</subfield>
    <subfield code="v">1</subfield>
  </datafield>
  <datafield tag="504" ind1=" " ind2=" ">
    <subfield code="a">Bibliography: p. 166-167.</subfield>
  </datafield>
  <datafield tag="650" ind1=" " ind2="0">
    <subfield code="a">Islamic law.</subfield>
  </datafield>
  <datafield tag="650" ind1=" " ind2="0">
    <subfield code="a">Shiites.</subfield>
  </datafield>
  <datafield tag="700" ind1="1" ind2="0">
    <subfield code="a">Ḥusaynī, Aḥmad.</subfield>
  </datafield>
  <datafield tag="700" ind1="1" ind2="0">
    <subfield code="a">Wāʻiẓī, Nūr al-Dīn.</subfield>
  </datafield>
  <datafield tag="955" ind1=" " ind2=" ">
    <subfield code="b">CU59564970</subfield>
    <subfield code="d">off,glx</subfield>
    <subfield code="e">ME04088</subfield>
  </datafield>
</record>
</collection>